<record><leader>00000cas a22000007a 4500</leader><controlfield tag="001">15875892</controlfield><controlfield tag="008">870610d19071936iaucr ne      0    0eng d</controlfield><datafield ind1=" " ind2=" " tag="010"><subfield code="a">sn 87058332 </subfield></datafield><datafield ind1=" " ind2=" " tag="040"><subfield code="a">INP</subfield><subfield code="b">eng</subfield><subfield code="c">INP</subfield><subfield code="d">OCL</subfield><subfield code="d">OCLCQ</subfield></datafield><datafield ind1=" " ind2=" " tag="042"><subfield code="a">msc</subfield></datafield><datafield ind1="0" ind2="4" tag="245"><subfield code="a">The Grinnell register.</subfield></datafield><datafield ind1=" " ind2=" " tag="260"><subfield code="a">Grinnell, Iowa :</subfield><subfield code="b">Grinnell Register Co.,</subfield><subfield code="c">-1936.</subfield></datafield><datafield ind1=" " ind2=" " tag="300"><subfield code="a">v.</subfield></datafield><datafield ind1=" " ind2=" " tag="310"><subfield code="a">Semiweekly</subfield></datafield><datafield ind1="1" ind2=" " tag="362"><subfield code="a">Began in 1907.</subfield></datafield><datafield ind1="0" ind2=" " tag="362"><subfield code="a">-v. 32, no. 12 (Feb. 10, 1936).</subfield></datafield><datafield ind1=" " ind2=" " tag="500"><subfield code="a">Publisher varies.</subfield></datafield><datafield ind1=" " ind2=" " tag="588"><subfield code="a">Description based on: Vol. 7, no. 10 (Jan. 5, 1911).</subfield></datafield><datafield ind1=" " ind2=" " tag="752"><subfield code="a">United States</subfield><subfield code="b">Iowa</subfield><subfield code="c">Poweshiek</subfield><subfield code="d">Grinnell.</subfield></datafield><datafield ind1="0" ind2="0" tag="780"><subfield code="t">Grinnell gazette</subfield></datafield><datafield ind1="0" ind2="7" tag="785"><subfield code="t">Grinnell herald (Grinnell, Iowa : 1889)</subfield><subfield code="w">(DLC)sn 88059229</subfield><subfield code="w">(OCoLC)17825298</subfield></datafield><datafield ind1="0" ind2="7" tag="785"><subfield code="t">Grinnell herald-register</subfield><subfield code="w">(DLC)sn 88059338</subfield><subfield code="w">(OCoLC)15875934</subfield></datafield></record>